
@incollection{Dunne2006NetStr,
  title = {The {{Network Structure}} of {{Food Webs}}},
  booktitle = {Ecological Networks: {{Linking}} Structure and Dynamics},
  author = {Dunne, Jennifer A},
  editor = {Dunne, Jennifer A and Pascual, Mercedes},
  date = {2006},
  pages = {27--86},
  publisher = {{Oxford University Press}}
}

@article{Strydom2022FooWeb,
  title = {Food Web Reconstruction through Phylogenetic Transfer of Low-Rank Network Representation},
  author = {Strydom, Tanya and Bouskila, Salom\'e and Banville, Francis and Barros, Ceres and Caron, Dominique and Farrell, Maxwell J. and Fortin, Marie-Jos\'ee and Hemming, Victoria and Mercier, Benjamin and Pollock, Laura J. and Runghen, Rogini and Dalla Riva, Giulio V. and Poisot, Timoth\'ee},
  date = {2022},
  journaltitle = {Methods in Ecology and Evolution},
  volume = {n/a},
  number = {n/a},
  issn = {2041-210X},
  doi = {10.1111/2041-210X.13835},
  langid = {english}
}


